@book{buckland2005programming,
  title={Programming Game AI by Example},
  author={Buckland, M.},
  isbn={9781556220784},
  lccn={2004015103},
  series={Wordware game developer's library},
  url={https://books.google.de/books?id=gDLpyWtFacYC},
  year={2005},
  publisher={Wordware Pub.}
}

@book{gamma1994design,
  title={Design Patterns: Elements of Reusable Object-Oriented Software},
  author={Gamma, E. and Helm, R. and Johnson, R. and Vlissides, J.},
  isbn={9780321700698},
  url={https://books.google.de/books?id=6oHuKQe3TjQC},
  year={1994},
  publisher={Pearson Education}
}